<record><leader>00000cas a22000007a 4500</leader><controlfield tag="001">20967488</controlfield><controlfield tag="008">900129d19761977aruwr ne      0    0eng d</controlfield><datafield ind1=" " ind2=" " tag="010"><subfield code="a">sn 90050011 </subfield></datafield><datafield ind1=" " ind2=" " tag="040"><subfield code="a">ANU</subfield><subfield code="b">eng</subfield><subfield code="c">ANU</subfield><subfield code="d">OCLCQ</subfield></datafield><datafield ind1=" " ind2=" " tag="042"><subfield code="a">msc</subfield></datafield><datafield ind1="0" ind2="0" tag="245"><subfield code="a">Fulton County headlight-Democrat.</subfield></datafield><datafield ind1="3" ind2="0" tag="246"><subfield code="a">Headlight-Democrat</subfield></datafield><datafield ind1=" " ind2=" " tag="260"><subfield code="a">Salem, Ark. :</subfield><subfield code="b">North Arkansas Press Co.</subfield></datafield><datafield ind1=" " ind2=" " tag="300"><subfield code="a">v.</subfield></datafield><datafield ind1=" " ind2=" " tag="310"><subfield code="a">Weekly</subfield></datafield><datafield ind1="0" ind2=" " tag="362"><subfield code="a">Vol. 97, no. 6 (Sept. 23, 1976)-v. 98, no. 2 (Aug. 25, 1977).</subfield></datafield><datafield ind1=" " ind2=" " tag="752"><subfield code="a">United States</subfield><subfield code="b">Arkansas</subfield><subfield code="c">Fulton</subfield><subfield code="d">Salem.</subfield></datafield><datafield ind1=" " ind2=" " tag="752"><subfield code="a">United States</subfield><subfield code="b">Arkansas</subfield><subfield code="c">Fulton</subfield><subfield code="d">Mammoth Spring.</subfield></datafield><datafield ind1=" " ind2=" " tag="752"><subfield code="a">United States</subfield><subfield code="b">Arkansas</subfield><subfield code="c">Sharp.</subfield></datafield><datafield ind1=" " ind2=" " tag="752"><subfield code="a">United States</subfield><subfield code="b">Missouri</subfield><subfield code="c">Oregon</subfield><subfield code="d">Thayer.</subfield></datafield><datafield ind1="0" ind2="4" tag="780"><subfield code="t">Salem headlight (Salem, Ark. : 1944)</subfield><subfield code="w">(DLC)sn 90050019</subfield></datafield><datafield ind1="0" ind2="4" tag="780"><subfield code="t">Democrat (Mammoth Spring, Ark. : 1964)</subfield><subfield code="w">(DLC)sn 90050020</subfield></datafield><datafield ind1="0" ind2="0" tag="785"><subfield code="t">Salem headlight (Salem, Ark. : 1977)</subfield><subfield code="w">(DLC)sn 90050015</subfield></datafield></record>